<record><leader>00000cas a2200000 a 4500</leader><controlfield tag="001">49788098</controlfield><controlfield tag="007">hd afu---baca</controlfield><controlfield tag="008">020514d18141825kyuwr n a     0   a0eng c</controlfield><datafield ind1=" " ind2=" " tag="010"><subfield code="a">  2002249036</subfield></datafield><datafield ind1=" " ind2=" " tag="040"><subfield code="a">ZYU</subfield><subfield code="b">eng</subfield><subfield code="c">ZYU</subfield><subfield code="d">OCLCQ</subfield><subfield code="d">OCLCF</subfield><subfield code="d">OCLCO</subfield><subfield code="d">OCLCQ</subfield></datafield><datafield ind1=" " ind2=" " tag="042"><subfield code="a">pcc</subfield></datafield><datafield ind1=" " ind2=" " tag="043"><subfield code="a">n-us-ky</subfield></datafield><datafield ind1="1" ind2="4" tag="050"><subfield code="a">Newspaper</subfield></datafield><datafield ind1="0" ind2=" " tag="130"><subfield code="a">Western monitor (Lexington, Ky. : 1814)</subfield></datafield><datafield ind1="1" ind2="4" tag="245"><subfield code="a">The western monitor.</subfield></datafield><datafield ind1="1" ind2=" " tag="246"><subfield code="i">In masthead ornament:</subfield><subfield code="a">Lexington advertiser</subfield><subfield code="f">May 25, 1819-&lt;Apr. 9, 1825&gt;</subfield></datafield><datafield ind1="3" ind2="0" tag="246"><subfield code="a">Monitor</subfield></datafield><datafield ind1=" " ind2=" " tag="260"><subfield code="a">Lexington [Ky.] :</subfield><subfield code="b">Fishback &amp; Sleight,</subfield><subfield code="c">1814-</subfield></datafield><datafield ind1=" " ind2=" " tag="300"><subfield code="a">volumes ;</subfield><subfield code="c">68 cm</subfield></datafield><datafield ind1=" " ind2=" " tag="310"><subfield code="a">Weekly,</subfield><subfield code="b">&lt;Jan. 12-19, 1825&gt;</subfield></datafield><datafield ind1=" " ind2=" " tag="321"><subfield code="a">Weekly,</subfield><subfield code="b">1814-Oct. 1, 1822</subfield></datafield><datafield ind1=" " ind2=" " tag="321"><subfield code="a">Semiweekly,</subfield><subfield code="b">Oct. 4, 1822-&lt;May 1824&gt;</subfield></datafield><datafield ind1=" " ind2=" " tag="336"><subfield code="a">text</subfield><subfield code="b">txt</subfield><subfield code="2">rdacontent</subfield></datafield><datafield ind1=" " ind2=" " tag="337"><subfield code="a">microform</subfield><subfield code="b">h</subfield><subfield code="2">rdamedia</subfield></datafield><datafield ind1=" " ind2=" " tag="338"><subfield code="a">microfilm reel</subfield><subfield code="b">hd</subfield><subfield code="2">rdacarrier</subfield></datafield><datafield ind1="0" ind2=" " tag="362"><subfield code="a">Vol. 1, no. 1 (Aug. 3, 1814)-</subfield></datafield><datafield ind1="1" ind2=" " tag="362"><subfield code="a">Ceased in Apr. 1825.</subfield><subfield code="z">Cf. Gregory, W. Amer. newspapers.</subfield></datafield><datafield ind1=" " ind2=" " tag="500"><subfield code="a">Editors: J. Fishback, 1814-1815; H.C. Sleight, 1814-1815; W.G. Hunt, 1815-1823; Thomas Curry, 1823-1825.</subfield></datafield><datafield ind1=" " ind2=" " tag="500"><subfield code="a">Publishers: Fishback &amp; Skillman, 1815; Thomas T. Skillman, 1815-1818; William Gibbes Hunt, 1818-1823; William Tanner, 1823-&lt;1824&gt;; Thomas Curry, &lt;1825&gt;.</subfield></datafield><datafield ind1="4" ind2=" " tag="510"><subfield code="a">Shaw &amp; Shoemaker</subfield><subfield code="c">33650</subfield></datafield><datafield ind1="4" ind2=" " tag="510"><subfield code="a">Brigham, C.S. Amer. newspapers,</subfield><subfield code="c">p. 168</subfield></datafield><datafield ind1=" " ind2=" " tag="515"><subfield code="a">Vol. 1, no. 2 issued Aug. 13, 1814.</subfield></datafield><datafield ind1=" " ind2=" " tag="580"><subfield code="a">Available also in a Country ed., 1822-1824: Western monitor (Lexington, Ky. : 1822).</subfield></datafield><datafield ind1=" " ind2=" " tag="580"><subfield code="a">Merged with: True American (Lexington, Ky.) (non-extant?), to form: True American and western monitor. Cf. Gregory, W. Amer. newspapers.</subfield></datafield><datafield ind1=" " ind2=" " tag="533"><subfield code="a">Microfilm.</subfield><subfield code="m">Vol. 1, no. 1 (Aug. 3, 1814)-</subfield><subfield code="b">Naples, Fla. :</subfield><subfield code="b">Readex Film Products,</subfield><subfield code="d">[2002?].</subfield><subfield code="e">microfilm reels ; 35 mm.</subfield><subfield code="f">(Early American newspapers).</subfield></datafield><datafield ind1=" " ind2="0" tag="651"><subfield code="a">Lexington (Ky.)</subfield><subfield code="v">Newspapers.</subfield></datafield><datafield ind1=" " ind2="0" tag="651"><subfield code="a">Fayette County (Ky.)</subfield><subfield code="v">Newspapers.</subfield></datafield><datafield ind1=" " ind2="7" tag="651"><subfield code="a">Kentucky</subfield><subfield code="z">Fayette County.</subfield><subfield code="2">fast</subfield><subfield code="0">(OCoLC)fst01206953</subfield></datafield><datafield ind1=" " ind2="7" tag="651"><subfield code="a">Kentucky</subfield><subfield code="z">Lexington.</subfield><subfield code="2">fast</subfield><subfield code="0">(OCoLC)fst01206432</subfield></datafield><datafield ind1=" " ind2="7" tag="655"><subfield code="a">Newspapers.</subfield><subfield code="2">fast</subfield><subfield code="0">(OCoLC)fst01423814</subfield></datafield><datafield ind1=" " ind2=" " tag="752"><subfield code="a">United States</subfield><subfield code="b">Kentucky</subfield><subfield code="c">Fayette</subfield><subfield code="d">Lexington.</subfield></datafield><datafield ind1="1" ind2=" " tag="775"><subfield code="t">Western monitor (Lexington, Ky. : 1822)</subfield><subfield code="w">(DLC)sn 84038157</subfield><subfield code="w">(OCoLC)11191603</subfield></datafield><datafield ind1="1" ind2="7" tag="785"><subfield code="t">True American (Lexington, Ky.)</subfield></datafield><datafield ind1="1" ind2="7" tag="785"><subfield code="t">True American and western monitor</subfield><subfield code="w">(DLC)sn 82014151</subfield><subfield code="w">(OCoLC)8784550</subfield></datafield><datafield ind1=" " ind2="0" tag="830"><subfield code="a">Early American newspapers.</subfield></datafield><datafield ind1="1" ind2=" " tag="029"><subfield code="a">AU@</subfield><subfield code="b">000023603380</subfield></datafield></record>